%% uctest.bib 11/3/94
%% Copyright (C) 1988-2004 Daniel Gildea, BBF, Ethan Munson.
%
% This work may be distributed and/or modified under the
% conditions of the LaTeX Project Public License, either version 1.3
% of this license or (at your option) any later version.
% The latest version of this license is in
%   http://www.latex-project.org/lppl.txt
% and version 1.3 or later is part of all distributions of LaTeX
% version 2003/12/01 or later.
%
% This work has the LPPL maintenance status "maintained".
% 
% The Current Maintainer of this work is Daniel Gildea.

@ARTICLE{west:psychology,
	author = {West, Ryan},
	title = {The Psychology of Security},
	year = {2008},
	issue_date = {April 2008},
	publisher = {Association for Computing Machinery},
	address = {New York, NY, USA},
	volume = {51},
	number = {4},
	issn = {0001-0782},
	url = {https://doi.org/10.1145/1330311.1330320},
	doi = {10.1145/1330311.1330320},
	journal = {Communifcations of the ACM},
	month = apr,
	pages = {34–40},
	numpages = {7}
}

@inproceedings{mcreynolds:toysthatlisten,
	author = {McReynolds, Emily and Hubbard, Sarah and Lau, Timothy and Saraf, Aditya and Cakmak, Maya and Roesner, Franziska},
	title = {Toys That Listen: A Study of Parents, Children, and Internet-Connected Toys},
	year = {2017},
	isbn = {9781450346559},
	publisher = {Association for Computing Machinery},
	address = {New York, NY, USA},
	booktitle = {Proceedings of the 2017 CHI Conference on Human Factors in Computing Systems},
	pages = {5197–5207},
	numpages = {11},
	keywords = {parents, privacy, connected toys, children},
	location = {Denver, Colorado, USA},
	series = {CHI '17}
}

@inproceedings{reyes:coppa,
	author = {Reyes, Irwin and Wijesekera, Primal and Reardon, Joel and Elazari Bar On, Amit and Razaghpanah, Abbas and Vallina-Rodriguez, Narseo and Egelman, Serge},
	title = {"{W}on't Somebody Think of the Children?" {E}xamining COPPA Compliance at Scale},
	year = {2018},
	publisher = {De Gruyter Open},
	address = {Barcelona, Spain},
	booktitle = {The 18th Privacy Enhancing Technologies Symposium (PETS 2018)},
	pages = {24-27},
}

@inproceedings{cardenas:smarttoys,
	author = {Valente, Junia and Cardenas, Alvaro A.},
	title = {Security \& Privacy in Smart Toys},
	year = {2017},
	publisher = {Association for Computing Machinery},
	address = {New York, NY, USA},
	booktitle = {Proceedings of the 2017 Workshop on Internet of Things Security and Privacy},
	pages = {19–24},
	numpages = {6},
	location = {Dallas, Texas, USA},
	series = {IoTS\&P '17}
}

@inproceedings{zeng:enduser,
	author = {Zeng, Eric and Mare, Shrirang and Roesner, Franziska},
	title = {End User Security \& Privacy Concerns with Smart Homes},
	year = {2017},
	publisher = {USENIX Association},
	address = {USA},
	booktitle = {Proceedings of the Thirteenth USENIX Conference on Usable Privacy and Security},
	pages = {65–80},
	numpages = {16},
	location = {Santa Clara, CA, USA},
	series = {SOUPS '17}
}

@article{gubbi:iot,
	title = {Internet of Things (IoT): A vision, architectural elements, and future directions},
	journal = {Future Generation Computer Systems},
	volume = {29},
	number = {7},
	pages = {1645-1660},
	year = {2013},
	publisher = {Elsevier},
	author = {Gubbi, Jayavardhana and Buyya, Rajkumar and Marusic, Slaven and Palaniswami, Marimuthu}
}

@INPROCEEDINGS{streiff:overpowered,
	author = {Streiff, Joshua and Das, Sanchari and Cannon, Joshua},
	booktitle={2019 IEEE 5th International Conference on Collaboration and Internet Computing (CIC)}, 
	title = {Overpowered and Underprotected Toys Empowering Parents with Tools to Protect Their Children}, 
	year={2019},
	volume={},
	number={},
	pages={322-329},
}

@misc{le:skillbot,
    title={SkillBot: Identifying Risky Content for Children in Alexa Skills}, 
    author={Le, Tu and Huang, Danny Yuxing and Apthorpe, Noah and Tian, Yuan},
    year={2021},
    eprint={2102.03382},
    archivePrefix={arXiv},
    primaryClass={cs.MA}
}

@article{emamiprivacy,
	title = {Which Privacy and Security Attributes Most Impact Consumers' Risk Perception and Willingness to Purchase IoT Devices?},
    author = {Emami-Naeini, Pardis and Dheenadhayalan, Janarth and Agarwal, Yuvraj and Cranor, Lorrie Faith},
	year = {2021},
	journal = {IEEE Symposium on Security and Privacy},
    series = {S\&P ’21}
}

%https://www.cisco.com/c/en/us/solutions/collateral/executive-perspectives/annual-internet-report/white-paper-c11-741490.html#Executivesummary
@misc{cisco,
	title = {Cisco Annual Internet Report (2018–2023) White Paper},
    author = {Cisco Systems},
	year = {2020},
	url = {https://www.cisco.com/c/en/us/solutions/collateral/executive-perspectives/annual-internet-report/white-paper-c11-741490.html}
}

@article{wp:camera,
	author={Albergotti, Reed},
	year={2019},
	month={April},
	title={How Nest, designed to keep intruders out of people’s homes, effectively allowed hackers to get in},
	journal={The Washington Post},
	url={https://www.washingtonpost.com/technology/2019/04/23/how-nest-designed-keep-intruders-out-peoples-homes-effectively-allowed-hackers-get/}
}
